
%% Created for Thomas Vogelgesang at 2010-05-21 10:46:14 +0200 


%% Saved with string encoding Unicode (UTF-8) 



@article{dummy,
	Author = {Doctor Dummy},
	Booktitle = {MIS Quaterly},
	Date-Modified = {2010-05-21 10:46:09 +0200},
	Month = {September},
	Number = {3},
	Pages = {295-310},
	Title = {Der dumme Dummy},
	Volume = {15},
	Year = {1991}}
